@article{kubertenes,
    author =		 {Google},
    title = 		 {Kuberntes документация},
    url = 	 {https://kubernetes.io/ru/docs/home/},
    version = {актуальная}
}

@article{gitlab,
    author =		 {GitLab Inc},
    title = 		 {GitLab документация},
    url = 	 {https://docs.gitlab.com/},
    version = {актуальная}
}

